<record><leader>00000cas a2200000 a 4500</leader><controlfield tag="001">7092980</controlfield><controlfield tag="008">810130d19uu19uuwauwr n       0   a0eng d</controlfield><datafield ind1=" " ind2=" " tag="010"><subfield code="a">sn 81003726 </subfield></datafield><datafield ind1=" " ind2=" " tag="040"><subfield code="a">NSD</subfield><subfield code="b">eng</subfield><subfield code="c">NSD</subfield><subfield code="d">SLZ</subfield><subfield code="d">NSD</subfield><subfield code="d">OCL</subfield><subfield code="d">NSD</subfield><subfield code="d">OCLCQ</subfield><subfield code="d">OCLCF</subfield><subfield code="d">OCLCO</subfield></datafield><datafield ind1=" " ind2=" " tag="012"><subfield code="m">d</subfield></datafield><datafield ind1="1" ind2=" " tag="022"><subfield code="a">0279-5493</subfield><subfield code="l">0279-5493</subfield><subfield code="2">1</subfield></datafield><datafield ind1="1" ind2=" " tag="029"><subfield code="a">AU@</subfield><subfield code="b">000024168766</subfield></datafield><datafield ind1=" " ind2=" " tag="042"><subfield code="a">nsdp</subfield></datafield><datafield ind1=" " ind2=" " tag="043"><subfield code="a">n-us-wa</subfield></datafield><datafield ind1=" " ind2="4" tag="222"><subfield code="a">The Community post</subfield></datafield><datafield ind1="0" ind2="4" tag="245"><subfield code="a">The Community post.</subfield></datafield><datafield ind1=" " ind2=" " tag="260"><subfield code="a">Camas, Wash. :</subfield><subfield code="b">Post Publications</subfield></datafield><datafield ind1=" " ind2=" " tag="300"><subfield code="a">v.</subfield></datafield><datafield ind1=" " ind2=" " tag="310"><subfield code="a">Weekly</subfield></datafield><datafield ind1=" " ind2=" " tag="588"><subfield code="a">Description based on: Vol. 7, no. 18 (May 11, 1977).</subfield></datafield><datafield ind1=" " ind2="0" tag="651"><subfield code="a">Camas (Wash.)</subfield><subfield code="v">Newspapers.</subfield></datafield><datafield ind1=" " ind2="7" tag="655"><subfield code="a">Newspapers.</subfield><subfield code="2">fast</subfield><subfield code="0">(OCoLC)fst01423814</subfield></datafield><datafield ind1=" " ind2="7" tag="651"><subfield code="a">Washington (State)</subfield><subfield code="z">Camas.</subfield><subfield code="2">fast</subfield><subfield code="0">(OCoLC)fst01222724</subfield></datafield><datafield ind1=" " ind2=" " tag="752"><subfield code="a">United States</subfield><subfield code="b">Washington</subfield><subfield code="c">Clark</subfield><subfield code="d">Camas.</subfield></datafield><datafield ind1="0" ind2="0" tag="785"><subfield code="t">Evergreen post</subfield><subfield code="x">0279-5205</subfield></datafield><datafield ind1=" " ind2=" " tag="936"><subfield code="a">Dec. 17, 1980</subfield></datafield></record>